@inproceedings{awodey2009homotopy,
  title={Homotopy theoretic models of identity types},
  author={Awodey, Steve and Warren, Michael A},
  booktitle={Mathematical proceedings of the cambridge philosophical society},
  volume={146},
  pages={45--55},
  year={2009},
  organization={Cambridge University Press}
}

@article{hofmann1998groupoid,
  title={The groupoid interpretation of type theory},
  author={Hofmann, Martin and Streicher, Thomas},
  journal={Twenty-five years of constructive type theory (Venice, 1995)},
  volume={36},
  pages={83--111},
  year={1998}
}

@article{kapulkin2021simplicial,
  title={The simplicial model of univalent foundations (after Voevodsky)},
  author={Kapulkin, Krzysztof and Lumsdaine, Peter LeFanu},
  journal={Journal of the European Mathematical Society},
  volume={23},
  number={6},
  pages={2071--2126},
  year={2021}
}